
    <record>
      <header>
        <identifier>oai:alma.01GALI_EMORY:9937264718102486</identifier>
        <datestamp>2021-01-29T19:47:03Z</datestamp>
        <setSpec>blacklight4</setSpec>
      </header>
      <metadata>
        <record xmlns="http://www.loc.gov/MARC21/slim" xmlns:xsi="http://www.w3.org/2001/XMLSchema-instance" xsi:schemaLocation="http://www.loc.gov/MARC21/slim http://www.loc.gov/standards/marcxml/schema/MARC21slim.xsd" >
          <leader>01221cam a2200361Ii 4500</leader>
          <controlfield tag="005">20210129143347.0</controlfield>
          <controlfield tag="008">800617c20109999nyu      d    000 0 eng d</controlfield>
          <controlfield tag="001">9937264718102486</controlfield>
          <datafield tag="050" ind1=" " ind2="4">
            <subfield code="a">PS1097</subfield>
            <subfield code="b">.D4 1926</subfield>
          </datafield>
          <datafield tag="082" ind1="0" ind2="4">
            <subfield code="a">818.407</subfield>
            <subfield code="b">B588d, 1935</subfield>
          </datafield>
          <datafield tag="100" ind1="1" ind2=" ">
            <subfield code="a">Bierce, Ambrose,</subfield>
            <subfield code="d">1842-1914?</subfield>
            <subfield code="0">(uri) http://id.loc.gov/authorities/names/n79100683</subfield>
            <subfield code="0">(uri) http://viaf.org/viaf/sourceID/LC|n79100683</subfield>
          </datafield>
          <datafield tag="245" ind1="1" ind2="4">
            <subfield code="a">Physical Book Test</subfield>
            <subfield code="f">2017-2018,</subfield>
            <subfield code="g">2017-2018.</subfield>
          </datafield>
          <datafield tag="300" ind1=" " ind2=" ">
            <subfield code="a">11-376 pages ;</subfield>
            <subfield code="c">21 cm</subfield>
          </datafield>
          <datafield tag="336" ind1=" " ind2=" ">
            <subfield code="a">text</subfield>
            <subfield code="b">txt</subfield>
            <subfield code="2">rdacontent</subfield>
          </datafield>
          <datafield tag="337" ind1=" " ind2=" ">
            <subfield code="a">unmediated</subfield>
            <subfield code="b">n</subfield>
            <subfield code="2">rdamedia</subfield>
          </datafield>
          <datafield tag="338" ind1=" " ind2=" ">
            <subfield code="a">volume</subfield>
            <subfield code="b">nc</subfield>
            <subfield code="2">rdacarrier</subfield>
          </datafield>
          <datafield tag="490" ind1="1" ind2=" ">
            <subfield code="a">Bonibooks</subfield>
            <subfield code="0">(uri) http://id.loc.gov/authorities/names/nr97032507</subfield>
            <subfield code="0">(uri) http://viaf.org/viaf/sourceID/LC|nr97032507</subfield>
          </datafield>
          <datafield tag="650" ind1=" " ind2="0">
            <subfield code="a">English language</subfield>
            <subfield code="v">Dictionaries</subfield>
            <subfield code="v">Humor.</subfield>
            <subfield code="0">(uri) http://id.loc.gov/authorities/subjects/sh2009124970</subfield>
          </datafield>
          <datafield tag="650" ind1=" " ind2="0">
            <subfield code="a">English language</subfield>
            <subfield code="x">Semantics</subfield>
            <subfield code="v">Humor.</subfield>
            <subfield code="0">(uri) http://id.loc.gov/authorities/subjects/sh85043413</subfield>
          </datafield>
          <datafield tag="650" ind1=" " ind2="0">
            <subfield code="a">Vocabulary</subfield>
            <subfield code="v">Humor.</subfield>
            <subfield code="0">(uri) http://id.loc.gov/authorities/subjects/sh2010117990</subfield>
          </datafield>
          <datafield tag="650" ind1=" " ind2="7">
            <subfield code="a">English language.</subfield>
            <subfield code="2">fast</subfield>
            <subfield code="0">(OCoLC)fst00910920</subfield>
            <subfield code="0">(uri) http://id.worldcat.org/fast/fst00910920</subfield>
          </datafield>
          <datafield tag="650" ind1=" " ind2="7">
            <subfield code="a">English language</subfield>
            <subfield code="x">Semantics.</subfield>
            <subfield code="2">fast</subfield>
            <subfield code="0">(OCoLC)fst00911631</subfield>
            <subfield code="0">(uri) http://id.worldcat.org/fast/fst00911631</subfield>
          </datafield>
          <datafield tag="650" ind1=" " ind2="7">
            <subfield code="a">Vocabulary.</subfield>
            <subfield code="2">fast</subfield>
            <subfield code="0">(OCoLC)fst01168328</subfield>
            <subfield code="0">(uri) http://id.worldcat.org/fast/fst01168328</subfield>
          </datafield>
          <datafield tag="655" ind1=" " ind2="7">
            <subfield code="a">Humor.</subfield>
            <subfield code="2">fast</subfield>
            <subfield code="0">(OCoLC)fst01423696</subfield>
            <subfield code="0">(uri) http://id.worldcat.org/fast/fst01423696</subfield>
          </datafield>
          <datafield tag="776" ind1="0" ind2="8">
            <subfield code="i">Online version:</subfield>
            <subfield code="a">Bierce, Ambrose, 1842-1914?</subfield>
            <subfield code="t">Devil's dictionary.</subfield>
            <subfield code="d">[New York] : A. &amp; C. Boni, [1935]</subfield>
            <subfield code="w">(OCoLC)760283019</subfield>
          </datafield>
          <datafield tag="830" ind1=" " ind2="0">
            <subfield code="a">Bonibooks.</subfield>
            <subfield code="0">(uri) http://id.loc.gov/authorities/names/nr97032507</subfield>
            <subfield code="0">(uri) http://viaf.org/viaf/sourceID/LC|nr97032507</subfield>
          </datafield>
          <datafield tag="856" ind1="4" ind2="0">
            <subfield code="u">http://purl.access.gpo.gov/GPO/LPS54510</subfield>
            <subfield code="z">Subfield code z</subfield>
          </datafield>
          <datafield tag="910" ind1=" " ind2=" ">
            <subfield code="a">RDA ENRICHED</subfield>
          </datafield>
          <datafield tag="910" ind1=" " ind2=" ">
            <subfield code="a">MARS</subfield>
          </datafield>
          <datafield tag="940" ind1=" " ind2=" ">
            <subfield code="a">COVID19</subfield>
          </datafield>
          <datafield tag="945" ind1=" " ind2=" ">
            <subfield code="a">EMU</subfield>
            <subfield code="b">lah</subfield>
            <subfield code="2">20130103</subfield>
          </datafield>
          <datafield tag="945" ind1=" " ind2=" ">
            <subfield code="a">9DT</subfield>
            <subfield code="2">19940531</subfield>
          </datafield>
          <datafield tag="994" ind1=" " ind2=" ">
            <subfield code="a">C0</subfield>
            <subfield code="b">EMU</subfield>
          </datafield>
          <datafield tag="999" ind1=" " ind2=" ">
            <subfield code="b">marc21</subfield>
            <subfield code="a">false</subfield>
          </datafield>
        </record>
      </metadata>
    </record>