
    <record>
      <header>
        <identifier>oai:alma.01GALI_EMORY:9937264718202486</identifier>
        <datestamp>2021-01-29T19:47:03Z</datestamp>
        <setSpec>blacklight4</setSpec>
      </header>
      <metadata>
        <record xmlns="http://www.loc.gov/MARC21/slim" xmlns:xsi="http://www.w3.org/2001/XMLSchema-instance" xsi:schemaLocation="http://www.loc.gov/MARC21/slim http://www.loc.gov/standards/marcxml/schema/MARC21slim.xsd" >
          <leader>03060cem a2200661 i 4500</leader>
          <controlfield tag="008">210129k19uu20uuxx######r#####000#0#eng#d</controlfield>
          <controlfield tag="005">20210129143104.0</controlfield>
          <controlfield tag="001">9937264718202485</controlfield>
          <datafield tag="086" ind1="0" ind2=" ">
            <subfield code="a">PREX 3.10/4:Y 3/15</subfield>
          </datafield>
          <datafield tag="110" ind1="1" ind2=" ">
            <subfield code="a">United States.</subfield>
            <subfield code="b">Central Intelligence Agency.</subfield>
            <subfield code="b">Cartography Center.</subfield>
            <subfield code="0">(uri) http://id.loc.gov/authorities/names/no99068115</subfield>
            <subfield code="0">(uri) http://viaf.org/viaf/sourceID/LC|no99068115</subfield>
          </datafield>
          <datafield tag="245" ind1="1" ind2="0">
            <subfield code="a">Physical Map Test</subfield>
          </datafield>
          <datafield tag="246" ind1="3" ind2=" ">
            <subfield code="a">Yemen, country profile</subfield>
          </datafield>
          <datafield tag="255" ind1=" " ind2=" ">
            <subfield code="a">Scale approximately 1:2,800,000 ;</subfield>
            <subfield code="b">Lambert conformal conic projection, SP 10N/20N</subfield>
            <subfield code="c">(E 42°--E 55°/N 22°--N 9°).</subfield>
          </datafield>
          <datafield tag="264" ind1=" " ind2="1">
            <subfield code="a">[Washington, D.C.] :</subfield>
            <subfield code="b">[Central Intelligence Agency],</subfield>
            <subfield code="c">[2002]</subfield>
          </datafield>
          <datafield tag="300" ind1=" " ind2=" ">
            <subfield code="a">1 map :</subfield>
            <subfield code="b">color ;</subfield>
            <subfield code="c">54 x 50 cm, on sheet 69 x 101 cm</subfield>
          </datafield>
          <datafield tag="336" ind1=" " ind2=" ">
            <subfield code="a">cartographic image</subfield>
            <subfield code="b">cri</subfield>
            <subfield code="2">rdacontent</subfield>
          </datafield>
          <datafield tag="337" ind1=" " ind2=" ">
            <subfield code="a">unmediated</subfield>
            <subfield code="b">n</subfield>
            <subfield code="2">rdamedia</subfield>
          </datafield>
          <datafield tag="338" ind1=" " ind2=" ">
            <subfield code="a">sheet</subfield>
            <subfield code="b">nb</subfield>
            <subfield code="2">rdacarrier</subfield>
          </datafield>
          <datafield tag="490" ind1="1" ind2=" ">
            <subfield code="a">Open-file report ;</subfield>
            <subfield code="v">98-354</subfield>
          </datafield>
          <datafield tag="500" ind1=" " ind2=" ">
            <subfield code="a">Relief shown by shading.</subfield>
          </datafield>
          <datafield tag="500" ind1=" " ind2=" ">
            <subfield code="a">"Country profile"--Upper right margin.</subfield>
          </datafield>
          <datafield tag="500" ind1=" " ind2=" ">
            <subfield code="a">"DI Cartography and Design Centers/MPG 386487AI 10-02."</subfield>
          </datafield>
          <datafield tag="500" ind1=" " ind2=" ">
            <subfield code="a">"761266AI 2-02"--Main map.</subfield>
          </datafield>
          <datafield tag="500" ind1=" " ind2=" ">
            <subfield code="a">"761346AI (C00296) 10-02"--Ancillary maps.</subfield>
          </datafield>
          <datafield tag="500" ind1=" " ind2=" ">
            <subfield code="a">"Background image composed of AVHRR imagery, Landsat TM (bands 7, 4, 2), and DTED level 1."</subfield>
          </datafield>
          <datafield tag="500" ind1=" " ind2=" ">
            <subfield code="a">Includes comparative area map, 2 location maps, text, and historical timeline.</subfield>
          </datafield>
          <datafield tag="500" ind1=" " ind2=" ">
            <subfield code="a">Ancillary maps: Physical features -- Population density -- Economic activity -- Distribution of ethnoreligious groups and key tribal areas -- Annual rainfall -- Land use.</subfield>
          </datafield>
          <datafield tag="530" ind1=" " ind2=" ">
            <subfield code="a">Available also through the Library of Congress Web site as a raster image.</subfield>
          </datafield>
          <datafield tag="546" ind1=" " ind2=" ">
            <subfield code="a">In English.</subfield>
          </datafield>
          <datafield tag="555" ind1="0" ind2="2">
            <subfield code="u">http://excerpts.contentreserve.com/FormatType-425/3450-1/791128-HarryPotterAndTheSorcerersStone.mp3</subfield>
          </datafield>
          <datafield tag="651" ind1=" " ind2="0">
            <subfield code="a">Yemen (Republic)</subfield>
            <subfield code="v">Maps.</subfield>
            <subfield code="0">(uri) http://id.loc.gov/authorities/names/n81053408</subfield>
            <subfield code="0">(uri) http://viaf.org/viaf/sourceID/LC|n81053408</subfield>
          </datafield>
          <datafield tag="650" ind1=" " ind2="0">
            <subfield code="a">Population density</subfield>
            <subfield code="z">Yemen (Republic)</subfield>
            <subfield code="v">Maps.</subfield>
            <subfield code="0">(uri) http://id.loc.gov/authorities/subjects/sh85104918</subfield>
          </datafield>
          <datafield tag="651" ind1=" " ind2="0">
            <subfield code="a">Yemen (Republic)</subfield>
            <subfield code="x">Population</subfield>
            <subfield code="v">Maps.</subfield>
            <subfield code="0">(uri) http://id.loc.gov/authorities/names/n81053408</subfield>
            <subfield code="0">(uri) http://viaf.org/viaf/sourceID/LC|n81053408</subfield>
          </datafield>
          <datafield tag="651" ind1=" " ind2="0">
            <subfield code="a">Yemen (Republic)</subfield>
            <subfield code="x">Economic conditions</subfield>
            <subfield code="v">Maps.</subfield>
            <subfield code="0">(uri) http://id.loc.gov/authorities/names/n81053408</subfield>
            <subfield code="0">(uri) http://viaf.org/viaf/sourceID/LC|n81053408</subfield>
          </datafield>
          <datafield tag="650" ind1=" " ind2="0">
            <subfield code="a">Ethnic groups</subfield>
            <subfield code="z">Yemen (Republic)</subfield>
            <subfield code="v">Maps.</subfield>
            <subfield code="0">(uri) http://id.loc.gov/authorities/subjects/sh85045172</subfield>
          </datafield>
          <datafield tag="650" ind1=" " ind2="0">
            <subfield code="a">Tribes</subfield>
            <subfield code="z">Yemen (Republic)</subfield>
            <subfield code="v">Maps.</subfield>
            <subfield code="0">(uri) http://id.loc.gov/authorities/subjects/sh85137422</subfield>
          </datafield>
          <datafield tag="650" ind1=" " ind2="0">
            <subfield code="a">Ethnology</subfield>
            <subfield code="z">Yemen (Republic)</subfield>
            <subfield code="v">Maps.</subfield>
            <subfield code="0">(uri) http://id.loc.gov/authorities/subjects/sh85045198</subfield>
          </datafield>
          <datafield tag="651" ind1=" " ind2="0">
            <subfield code="a">Yemen (Republic)</subfield>
            <subfield code="x">Religion</subfield>
            <subfield code="v">Maps.</subfield>
            <subfield code="0">(uri) http://id.loc.gov/authorities/names/n81053408</subfield>
            <subfield code="0">(uri) http://viaf.org/viaf/sourceID/LC|n81053408</subfield>
          </datafield>
          <datafield tag="650" ind1=" " ind2="0">
            <subfield code="a">Rain and rainfall</subfield>
            <subfield code="z">Yemen (Republic)</subfield>
            <subfield code="v">Maps.</subfield>
            <subfield code="0">(uri) http://id.loc.gov/authorities/subjects/sh85111188</subfield>
          </datafield>
          <datafield tag="650" ind1=" " ind2="0">
            <subfield code="a">Land use</subfield>
            <subfield code="z">Yemen (Republic)</subfield>
            <subfield code="v">Maps.</subfield>
            <subfield code="0">(uri) http://id.loc.gov/authorities/subjects/sh85074345</subfield>
          </datafield>
          <datafield tag="650" ind1=" " ind2="7">
            <subfield code="a">Economic history.</subfield>
            <subfield code="2">fast</subfield>
            <subfield code="0">(OCoLC)fst00901974</subfield>
            <subfield code="0">(uri) http://id.worldcat.org/fast/fst00901974</subfield>
          </datafield>
          <datafield tag="650" ind1=" " ind2="7">
            <subfield code="a">Ethnic groups.</subfield>
            <subfield code="2">fast</subfield>
            <subfield code="0">(OCoLC)fst00915958</subfield>
            <subfield code="0">(uri) http://id.worldcat.org/fast/fst00915958</subfield>
          </datafield>
          <datafield tag="650" ind1=" " ind2="7">
            <subfield code="a">Ethnology.</subfield>
            <subfield code="2">fast</subfield>
            <subfield code="0">(OCoLC)fst00916106</subfield>
            <subfield code="0">(uri) http://id.worldcat.org/fast/fst00916106</subfield>
          </datafield>
          <datafield tag="650" ind1=" " ind2="7">
            <subfield code="a">Land use.</subfield>
            <subfield code="2">fast</subfield>
            <subfield code="0">(OCoLC)fst00991472</subfield>
            <subfield code="0">(uri) http://id.worldcat.org/fast/fst00991472</subfield>
          </datafield>
          <datafield tag="650" ind1=" " ind2="7">
            <subfield code="a">Population.</subfield>
            <subfield code="2">fast</subfield>
            <subfield code="0">(OCoLC)fst01071476</subfield>
            <subfield code="0">(uri) http://id.worldcat.org/fast/fst01071476</subfield>
          </datafield>
          <datafield tag="650" ind1=" " ind2="7">
            <subfield code="a">Population density.</subfield>
            <subfield code="2">fast</subfield>
            <subfield code="0">(OCoLC)fst01071545</subfield>
            <subfield code="0">(uri) http://id.worldcat.org/fast/fst01071545</subfield>
          </datafield>
          <datafield tag="650" ind1=" " ind2="7">
            <subfield code="a">Rain and rainfall.</subfield>
            <subfield code="2">fast</subfield>
            <subfield code="0">(OCoLC)fst01089410</subfield>
            <subfield code="0">(uri) http://id.worldcat.org/fast/fst01089410</subfield>
          </datafield>
          <datafield tag="650" ind1=" " ind2="7">
            <subfield code="a">Religion.</subfield>
            <subfield code="2">fast</subfield>
            <subfield code="0">(OCoLC)fst01093763</subfield>
            <subfield code="0">(uri) http://id.worldcat.org/fast/fst01093763</subfield>
          </datafield>
          <datafield tag="650" ind1=" " ind2="7">
            <subfield code="a">Tribes.</subfield>
            <subfield code="2">fast</subfield>
            <subfield code="0">(OCoLC)fst01156484</subfield>
            <subfield code="0">(uri) http://id.worldcat.org/fast/fst01156484</subfield>
          </datafield>
          <datafield tag="651" ind1=" " ind2="7">
            <subfield code="a">Yemen (Republic)</subfield>
            <subfield code="2">fast</subfield>
            <subfield code="0">(OCoLC)fst01309629</subfield>
            <subfield code="0">(uri) http://id.worldcat.org/fast/fst01309629</subfield>
          </datafield>
          <datafield tag="655" ind1=" " ind2="7">
            <subfield code="a">Physical maps.</subfield>
            <subfield code="2">fast</subfield>
            <subfield code="0">(OCoLC)fst01423806</subfield>
            <subfield code="0">(uri) http://id.loc.gov/authorities/genreForms/gf2011026440</subfield>
            <subfield code="0">(uri) http://id.worldcat.org/fast/fst01423806</subfield>
          </datafield>
          <datafield tag="655" ind1=" " ind2="7">
            <subfield code="a">Maps.</subfield>
            <subfield code="2">fast</subfield>
            <subfield code="0">(OCoLC)fst01423704</subfield>
            <subfield code="0">(uri) http://id.worldcat.org/fast/fst01423704</subfield>
          </datafield>
          <datafield tag="655" ind1=" " ind2="7">
            <subfield code="a">Physical maps.</subfield>
            <subfield code="2">lcgft</subfield>
            <subfield code="0">(uri) http://id.loc.gov/authorities/genreForms/gf2011026440</subfield>
            <subfield code="0">(uri) http://id.worldcat.org/fast/fst01423806</subfield>
          </datafield>
          <datafield tag="710" ind1="1" ind2=" ">
            <subfield code="a">United States.</subfield>
            <subfield code="b">Central Intelligence Agency.</subfield>
            <subfield code="b">Design Center.</subfield>
            <subfield code="0">(uri) http://id.loc.gov/authorities/names/n2002125172</subfield>
            <subfield code="0">(uri) http://viaf.org/viaf/sourceID/LC|n2002125172</subfield>
          </datafield>
          <datafield tag="710" ind1="1" ind2=" ">
            <subfield code="a">United States.</subfield>
            <subfield code="b">Central Intelligence Agency.</subfield>
            <subfield code="e">spycraft.</subfield>
            <subfield code="0">(uri) http://id.loc.gov/authorities/names/n79099301</subfield>
            <subfield code="0">(uri) http://viaf.org/viaf/sourceID/LC|n79099301</subfield>
          </datafield>
          <datafield tag="752" ind1=" " ind2=" ">
            <subfield code="a">Yemen.</subfield>
          </datafield>
          <datafield tag="910" ind1=" " ind2=" ">
            <subfield code="a">MARS</subfield>
          </datafield>
          <datafield tag="994" ind1=" " ind2=" ">
            <subfield code="a">C0</subfield>
            <subfield code="b">EMU</subfield>
          </datafield>
          <datafield tag="999" ind1=" " ind2=" ">
            <subfield code="b">marc21</subfield>
            <subfield code="a">false</subfield>
          </datafield>
          <datafield tag="HOL852" ind1="0" ind2=" ">
            <subfield code="b">LSC</subfield>
            <subfield code="c">USTOR</subfield>
            <subfield code="h"> RC451.4.G39 </subfield>
            <subfield code="i"> N53 2021 </subfield>
            <subfield code="8">22445527370002486</subfield>
          </datafield>
        </record>
      </metadata>
    </record>