
    <record>
      <header>
        <identifier>oai:alma.01GALI_EMORY:9937264717902486</identifier>
        <datestamp>2021-01-29T19:47:03Z</datestamp>
        <setSpec>blacklight4</setSpec>
      </header>
      <metadata>
        <record xmlns="http://www.loc.gov/MARC21/slim" xmlns:xsi="http://www.w3.org/2001/XMLSchema-instance" xsi:schemaLocation="http://www.loc.gov/MARC21/slim http://www.loc.gov/standards/marcxml/schema/MARC21slim.xsd">
          <leader>01847cam a2200433Ia 4500</leader>
          <controlfield tag="005">20160418225355.0</controlfield>
          <controlfield tag="008">100722s1894 kyuae 000 0 eng d</controlfield>
          <controlfield tag="001">990016148150302486</controlfield>
          <datafield tag="035" ind1=" " ind2=" ">
            <subfield code="a">(Aleph)001614815EMU01</subfield>
          </datafield>
          <datafield tag="035" ind1="9" ind2=" ">
            <subfield code="a">u3515172</subfield>
          </datafield>
          <datafield tag="035" ind1=" " ind2=" ">
            <subfield code="a">ocn649717102</subfield>
          </datafield>
          <datafield tag="035" ind1=" " ind2=" ">
            <subfield code="a">(Sirsi) o649717102</subfield>
          </datafield>
          <datafield tag="035" ind1=" " ind2=" ">
            <subfield code="a">(OCoLC)649717102</subfield>
            <subfield code="0">(uri) http://www.worldcat.org/oclc/649717102</subfield>
          </datafield>
          <datafield tag="040" ind1=" " ind2=" ">
            <subfield code="a">AJ#</subfield>
            <subfield code="c">AJ#</subfield>
            <subfield code="d">UtOrBLW</subfield>
          </datafield>
          <datafield tag="049" ind1=" " ind2=" ">
            <subfield code="a">AJ#A</subfield>
          </datafield>
          <datafield tag="110" ind1="2" ind2=" ">
            <subfield code="a">United Brothers of Friendship.</subfield>
            <subfield code="0">(uri) http://id.loc.gov/authorities/names/no2007025559</subfield>
            <subfield code="0">(uri) http://viaf.org/viaf/sourceID/LC|no2007025559</subfield>
          </datafield>
          <datafield tag="245" ind1="1" ind2="0">
            <subfield code="a">Ritual and degree book of the United Brothers of Friendship :</subfield>
            <subfield code="b">containing forms and ceremonies of the first, second, third, and fourth degrees.</subfield>
          </datafield>
          <datafield tag="250" ind1=" " ind2=" ">
            <subfield code="a">Revised edition with additions and corrections.</subfield>
          </datafield>
          <datafield tag="264" ind1=" " ind2="1">
            <subfield code="a">[Louisville, Ky.?] :</subfield>
            <subfield code="b">[United Brothers of Friendship?],</subfield>
            <subfield code="c">1894.</subfield>
          </datafield>
          <datafield tag="300" ind1=" " ind2=" ">
            <subfield code="a">59 pages :</subfield>
            <subfield code="b">illustrations, plan ;</subfield>
            <subfield code="c">16 cm.</subfield>
          </datafield>
          <datafield tag="336" ind1=" " ind2=" ">
            <subfield code="a">text</subfield>
            <subfield code="b">txt</subfield>
            <subfield code="2">rdacontent</subfield>
          </datafield>
          <datafield tag="337" ind1=" " ind2=" ">
            <subfield code="a">unmediated</subfield>
            <subfield code="b">n</subfield>
            <subfield code="2">rdamedia</subfield>
          </datafield>
          <datafield tag="338" ind1=" " ind2=" ">
            <subfield code="a">volume</subfield>
            <subfield code="b">nc</subfield>
            <subfield code="2">rdacarrier</subfield>
          </datafield>
          <datafield tag="583" ind1="1" ind2=" ">
            <subfield code="a">digitized</subfield>
            <subfield code="c">2011</subfield>
            <subfield code="2">pda</subfield>
            <subfield code="5">GEU</subfield>
            <subfield code="x">public domain</subfield>
          </datafield>
          <datafield tag="590" ind1=" " ind2=" ">
            <subfield code="a">The online edition of this book in the public domain, i.e., not protected by copyright, has been produced by the Emory University Digital library Publications Program.</subfield>
          </datafield>
          <datafield tag="590" ind1=" " ind2=" ">
            <subfield code="a">Manuscript, Archives, and Rare Book Library copy has autograph: Rev. J.H. Wilson, Columbia Mo. June 15, 1896.</subfield>
          </datafield>
          <datafield tag="610" ind1="2" ind2="0">
            <subfield code="a">United Brothers of Friendship.</subfield>
            <subfield code="0">(uri) http://id.loc.gov/authorities/names/no2007025559</subfield>
            <subfield code="0">(uri) http://viaf.org/viaf/sourceID/LC|no2007025559</subfield>
          </datafield>
          <datafield tag="610" ind1="2" ind2="0">
            <subfield code="a">United Brothers of Friendship</subfield>
            <subfield code="x">Rituals.</subfield>
            <subfield code="0">(uri) http://id.loc.gov/authorities/names/no2007025559</subfield>
            <subfield code="0">(uri) http://viaf.org/viaf/sourceID/LC|no2007025559</subfield>
          </datafield>
          <datafield tag="650" ind1=" " ind2="0">
            <subfield code="a">African American fraternal organizations.</subfield>
            <subfield code="0">(uri) http://id.loc.gov/authorities/subjects/sh2006000311</subfield>
          </datafield>
          <datafield tag="655" ind1=" " ind2="7">
            <subfield code="a">African American author.</subfield>
            <subfield code="2">local</subfield>
            <subfield code="5">GEU</subfield>
          </datafield>
          <datafield tag="655" ind1=" " ind2="7">
            <subfield code="a">African American pamphlet.</subfield>
            <subfield code="2">local</subfield>
            <subfield code="5">GEU</subfield>
          </datafield>
          <datafield tag="655" ind1=" " ind2="7">
            <subfield code="a">African American publisher.</subfield>
            <subfield code="2">local</subfield>
            <subfield code="5">GEU</subfield>
          </datafield>
          <datafield tag="700" ind1="1" ind2=" ">
            <subfield code="a">Wilson, J. H.,</subfield>
            <subfield code="d">1865-1944,</subfield>
            <subfield code="e">former owner.</subfield>
            <subfield code="5">GEU</subfield>
          </datafield>
          <datafield tag="856" ind1="4" ind2="1">
            <subfield code="u">pid.emory.edu/ark:/25593/b66vt/IA</subfield>
            <subfield code="y">Internet Archive version</subfield>
          </datafield>
          <datafield tag="910" ind1=" " ind2=" ">
            <subfield code="a">RDA ENRICHED</subfield>
          </datafield>
          <datafield tag="910" ind1=" " ind2=" ">
            <subfield code="a">MARS</subfield>
          </datafield>
          <datafield tag="945" ind1=" " ind2=" ">
            <subfield code="a">EMU emumarbl dmf</subfield>
          </datafield>
          <datafield tag="945" ind1=" " ind2=" ">
            <subfield code="a">9DT</subfield>
            <subfield code="2">20100722</subfield>
          </datafield>
          <datafield tag="994" ind1=" " ind2=" ">
            <subfield code="a">C0</subfield>
            <subfield code="b">AJ#</subfield>
          </datafield>
          <datafield tag="999" ind1=" " ind2=" ">
            <subfield code="b">marc21</subfield>
            <subfield code="c">10</subfield>
            <subfield code="a">false</subfield>
          </datafield>
          <datafield tag="HOL852" ind1="4" ind2=" ">
            <subfield code="b">MARBL</subfield>
            <subfield code="c">STACK</subfield>
            <subfield code="j">2010 244</subfield>
            <subfield code="8">22200365440002486</subfield>
          </datafield>
          <datafield tag="997" ind1=" " ind2=" ">
            <subfield code="b">BOOK</subfield>
            <subfield code="a">10002361951</subfield>
          </datafield>
        </record>
      </metadata>
    </record>